@article{1810.08923,
Author = {Ehsan Hoseinzade and Saman Haratizadeh},
Title = {CNNPred: CNN-based stock market prediction using several data sources},
Year = {2018},
Eprint = {arXiv:1810.08923},
}

@article{1406.0268,
Author = {Ladislav Kristoufek},
Title = {What are the main drivers of the Bitcoin price? Evidence from wavelet coherence analysis},
Year = {2014},
Eprint = {arXiv:1406.0268},
Howpublished = {PLoS ONE 10(4): e0123923, 2015},
Doi = {10.1371/journal.pone.0123923},
}

@article{sul2017trading,
  title={Trading on twitter: Using social media sentiment to predict stock returns},
  author={Sul, Hong Kee and Dennis, Alan R and Yuan, Lingyao},
  journal={Decision Sciences},
  volume={48},
  number={3},
  pages={454--488},
  year={2017},
  publisher={Wiley Online Library}
}

% @article{1811.03146,
% Author = {Marvin Aron Kennis},
% Title = {Multi-channel discourse as an indicator for Bitcoin price and volume movements},
% Year = {2018},
% Eprint = {arXiv:1811.03146},
% }

@article{pineiro2017influence,
  title={Influence of social media over the stock market},
  author={Pi{\~n}eiro-Chousa, Juan and Vizca{\'\i}no-Gonz{\'a}lez, Marcos and P{\'e}rez-Pico, Ada Mar{\'\i}a},
  journal={Psychology \& Marketing},
  volume={34},
  number={1},
  pages={101--108},
  year={2017},
  publisher={Wiley Online Library}
}

@article{1802.04065,
Author = {Tian Guo and Nino Antulov-Fantulin},
Title = {An experimental study of Bitcoin fluctuation using machine learning methods},
Year = {2018},
Eprint = {arXiv:1802.04065},
}

@article{1406.7577,
Author = {Jermain Kaminski},
Title = {Nowcasting the Bitcoin Market with Twitter Signals},
Year = {2014},
Eprint = {arXiv:1406.7577},
}

@article{1410.1231,
Author = {Devavrat Shah and Kang Zhang},
Title = {Bayesian regression and Bitcoin},
Year = {2014},
Eprint = {arXiv:1410.1231},
}

@article{1801.06373,
Author = {Christian Hotz-Behofsits and Florian Huber and Thomas O. Zörner},
Title = {Predicting crypto-currencies using sparse non-Gaussian state space models},
Year = {2018},
Eprint = {arXiv:1801.06373},
}

@inproceedings{inproceedings,
author = {Hernandez, Ivan and Bashir, Masooda and Jeon, Gahyun and Bohr, Jeremiah},
year = {2014},
month = {06},
pages = {26-31},
title = {Are Bitcoin Users Less Sociable? An Analysis of Users’ Language and Social Connections on Twitter},
isbn = {978-3-319-07853-3},
doi = {10.1007/978-3-319-07854-0_5}
}

@article{Nakamoto_bitcoin:a,
    Author = {Satoshi Nakamoto},
    Title = {Bitcoin: A peer-to-peer electronic cash system},
    Year = {2008}
}

@incollection{NIPS2012_4824,
title = {ImageNet Classification with Deep Convolutional Neural Networks},
author = {Alex Krizhevsky and Sutskever, Ilya and Hinton, Geoffrey E},
booktitle = {Advances in Neural Information Processing Systems 25},
editor = {F. Pereira and C. J. C. Burges and L. Bottou and K. Q. Weinberger},
pages = {1097--1105},
year = {2012},
publisher = {Curran Associates, Inc.},
url = {http://papers.nips.cc/paper/4824-imagenet-classification-with\\-deep-convolutional-neural-networks.pdf}
}

@misc{machine_learning_mastery_2018, title={When to Use MLP, CNN, and RNN Neural Networks}, url={https://machinelearningmastery.com/when-to-use-mlp-cnn-and-rnn-neural-networks/}, journal={Machine Learning Mastery}, year={2018}, month={Apr}}

@misc{coinbase_pro, title={Digital Asset Exchange}, url={https://pro.coinbase.com/fees}, journal={Coinbase Pro}}

@misc{cryptodatadownload, title={Free CryptoCurrency Time Series Data}, url={https://www.cryptodatadownload.com/index.html#features}, journal={CryptoDataDownload.com - Free historical time series data - Excellent for Backtesting strategies, statistical analysis and machine learning}}

@misc{tweepy_2018, title={tweepy/tweepy}, url={https://github.com/tweepy/tweepy}, journal={GitHub}, author={Tweepy}, year={2018}, month={Dec}}

@article{scikit_learn,
 title={Scikit-learn: Machine Learning in {P}ython},
 author={Pedregosa, F. and Varoquaux, G. and Gramfort, A. and Michel, V.
         and Thirion, B. and Grisel, O. and Blondel, M. and Prettenhofer, P.
         and Weiss, R. and Dubourg, V. and Vanderplas, J. and Passos, A. and
         Cournapeau, D. and Brucher, M. and Perrot, M. and Duchesnay, E.},
 journal={Journal of Machine Learning Research},
 volume={12},
 pages={2825--2830},
 year={2011}
}

@article{srivastava2014dropout,
  title={Dropout: a simple way to prevent neural networks from overfitting},
  author={Srivastava, Nitish and Hinton, Geoffrey and Krizhevsky, Alex and Sutskever, Ilya and Salakhutdinov, Ruslan},
  journal={The Journal of Machine Learning Research},
  volume={15},
  number={1},
  pages={1929--1958},
  year={2014},
  publisher={JMLR. org}
}

@article{ioffe2015batch,
  title={Batch normalization: Accelerating deep network training by reducing internal covariate shift},
  author={Ioffe, Sergey and Szegedy, Christian},
  journal={arXiv preprint arXiv:1502.03167},
  year={2015}
}

@article{hofmann2001unsupervised,
  title={Unsupervised learning by probabilistic latent semantic analysis},
  author={Hofmann, Thomas},
  journal={Machine learning},
  volume={42},
  number={1-2},
  pages={177--196},
  year={2001},
  publisher={Springer}
}